@Electronic{RAND,
  Title                    = {{RAND HRS Data, Version M}},

  Address                  = {Santa Monica, CA},
  Author                   = {RAND},
  Note                     = {Produced by the RAND Center for the Study of Aging, with funding from the National Institute on Aging and the Social Security Administration.},
  Year                     = {2017},

  Owner                    = {triffe},
  Timestamp                = {2014.07.14}
}

@Electronic{HRS,
  Title                    = {Health and Retirement Study public use dataset},

  Address                  = {Ann Arbor, MI},
  Author                   = {HRS},
  Note                     = {Produced and distributed by the University of Michigan with funding from the National Institute on Aging (grant number NIA U01AG009740).},
  Year                     = {2017},

  Owner                    = {tim},
  Timestamp                = {2017.03.09}
}

@Manual{DemoDecomp,
    title = {DemoDecomp: Decompose Demographic Functions},
    author = {Tim Riffe},
    year = {2018},
    note = {R package version 1.0.1},
    url = {https://CRAN.R-project.org/package=DemoDecomp},
}

@Article{horiuchi2008,
  Title                    = {A decomposition method based on a model of continuous change},
  Author                   = {Horiuchi, Shiro and Wilmoth, John R and Pletcher, Scott D},
  Journal                  = {Demography},
  Year                     = {2008},
  Number                   = {4},
  Pages                    = {785--801},
  Volume                   = {45},

  Publisher                = {Springer}
}