@Article{horiuchi2008,
  Title                    = {A decomposition method based on a model of continuous change},
  Author                   = {Horiuchi, Shiro and Wilmoth, John R and Pletcher, Scott D},
  Journal                  = {Demography},
  Year                     = {2008},
  Number                   = {4},
  Pages                    = {785--801},
  Volume                   = {45},

  Publisher                = {Springer}
}